<?xml version="1.0" encoding="UTF-8" ?><xb:digital_entity_call xmlns:xb="http://com/exlibris/digitool/repository/api/xmlbeans"><xb:digital_entity><pid>42822</pid><control><label>Teoretická a empirická analýza IPO</label><note>FSV_IES</note><ingest_id xsi:nil="true" xmlns:xsi="http://www.w3.org/2001/XMLSchema-instance"/><ingest_name xsi:nil="true" xmlns:xsi="http://www.w3.org/2001/XMLSchema-instance"/><entity_type xsi:nil="true" xmlns:xsi="http://www.w3.org/2001/XMLSchema-instance"/><entity_group xsi:nil="true" xmlns:xsi="http://www.w3.org/2001/XMLSchema-instance"/><usage_type>VIEW</usage_type><preservation_level>any</preservation_level><partition_a xsi:nil="true" xmlns:xsi="http://www.w3.org/2001/XMLSchema-instance"/><partition_b>ckis_ok</partition_b><partition_c xsi:nil="true" xmlns:xsi="http://www.w3.org/2001/XMLSchema-instance"/><status xsi:nil="true" xmlns:xsi="http://www.w3.org/2001/XMLSchema-instance"/><creation_date>2008-10-13 15:45:21</creation_date><creator>super:STRUNCOV</creator><modification_date>2014-12-01 16:22:50</modification_date><modified_by>viewer:internal</modified_by><admin_unit>DUR01</admin_unit></control><mds><md shared="false"><mid>69258</mid><description xsi:nil="true" xmlns:xsi="http://www.w3.org/2001/XMLSchema-instance"/><name>changehistory</name><type>changehistory_md</type><value><![CDATA[<xb:history xmlns:xb="http://com/exlibris/digitool/repository/api/xmlbeans"><events><event xmlID="1"><eventIdentifier><eventIdentifierType>Service</eventIdentifierType><eventIdentifierValue>TechnicalMetadataExtractor</eventIdentifierValue></eventIdentifier><eventType>Technical Metadata Extraction</eventType><eventDateTime>2008-10-13T15:45:43.342+02:00</eventDateTime><eventDetail>Add some metadata to the digital entity using jhove</eventDetail><linkingAgentIdentifier><linkingAgentIdentifierType>software_used</linkingAgentIdentifierType><linkingAgentIdentifierValue>JHove</linkingAgentIdentifierValue></linkingAgentIdentifier></event></events></xb:history>]]></value></md><md shared="false"><mid>69261</mid><description> </description><name>descriptive</name><type>marc</type><value><![CDATA[<record xmlns="http://www.loc.gov/MARC21/slim" xmlns:xsi="http://www.w3.org/2001/XMLSchema-instance" xsi:schemaLocation="http://www.loc.gov/MARC21/slim http://www.loc.gov/standards/marcxml/schema/MARC21slim.xsd"><leader>03523ntm^a22003497a^4500</leader><controlfield tag="FMT">BK</controlfield><controlfield tag="001">fsv316710</controlfield><controlfield tag="003">CZ PrCU</controlfield><controlfield tag="005">20081013154343.0</controlfield><controlfield tag="008">041115s2004^^^^xr^|||||^|||||^|||||cze|d</controlfield><datafield tag="040" ind1=" " ind2=" "><subfield code="a">ABD103</subfield><subfield code="b">cze</subfield><subfield code="c">ABD103</subfield></datafield><datafield tag="100" ind1="1" ind2=" "><subfield code="a">Vajsejtl, Josef</subfield><subfield code="4">dis</subfield></datafield><datafield tag="245" ind1="1" ind2="0"><subfield code="a">Teoretická a empirická analýza IPO</subfield><subfield code="h">[rukopis] /</subfield><subfield code="c">Josef Vajsejtl ; vedoucí práce Michal Mejstřík</subfield></datafield><datafield tag="246" ind1="3" ind2="3"><subfield code="a">Theoretical and empirical analysis of IPO</subfield></datafield><datafield tag="260" ind1=" " ind2=" "><subfield code="a">2004</subfield></datafield><datafield tag="300" ind1=" " ind2=" "><subfield code="a">101 listů :</subfield><subfield code="b">il.</subfield></datafield><datafield tag="500" ind1=" " ind2=" "><subfield code="a">Seznam zdrojů na listě 97-101</subfield></datafield><datafield tag="502" ind1=" " ind2=" "><subfield code="a">Diplomová práce (Mgr.)--Univerzita Karlova. Fakulta sociálních věd. Institut ekonomických studií, 2004</subfield></datafield><datafield tag="520" ind1=" " ind2=" "><subfield code="a">Práce je zaměřena na oblast primárních a sezónních emisí akcií. Hlavní důraz je přitom kladen na dvě oblasti - zmapování vývoje světových trhů IPO a stav trhu s primárními emisemi akcií v České republice. Po stručném shrnutí možností financování firmy na soudobých trzích následuje popis různých forem IPO, které se trh od trhu liší. Následuje analýza dvou specifických fenoménů spojených s IPO – krátkodobého podhodnocování emisních kurzů a dlouhodobé podvýkonnosti emitentů ve srovnání s obdobnými společnostmi, přičemž v obou případech se argumentace soustředí na asymetrickou informaci a omezenou racionalitu některých účastníků trhu. Při následné analýze sezónních emisí akcií je důraz kladen na témata spojená s předkupními právy stávajících akcionářů. V části věnované České republice je pak analyzován zejména vliv jednotlivých faktorů, které bránily rozvoji alokační funkce českého kapitálového trhu. Faktory jsou rozděleny na ekonomické a legislativní, přičemž u každého z nich je popsán i současný stav s ohledem na trh primárních emisí akcií. Dovětek práce je pak věnován první primární emisi akcií realizované na BCPP v červnu 2004.</subfield><subfield code="9">cze</subfield></datafield><datafield tag="520" ind1=" " ind2=" "><subfield code="a">The thesis aims on initial public offerings and seasoned equity offerings. It focuses especially on two major topics – the recent development of the worldwide IPO markets and the situation on the Czech IPO market. After a brief summary of firm’s possibilities of its financing on the contemporary markets the thesis describes many kinds of IPO process which differ among the markets. The analysis of two specific IPO phenomenons follows – the short-run underpricing of IPOs and the long-run underperformance of IPO firms compared to similar firms. In both cases the argumentation is based on asymmetric information models and limited rationalism of some market participants. The following analysis of seasoned equity offerings focuses mainly on the rights of current shareholders. In the section about the Czech Republic many different factors and their recent negative consequences for the Czech IPO market are analyzed. The factors are discussed separately according to their origin (either economical or legislative origin) and their contemporary influence on the Czech IPO market is described as well. The first initial public offering on the Prague Stock Exchange took place in June 2004 and is described in the appendix of the thesis.</subfield><subfield code="9">eng</subfield></datafield><datafield tag="650" ind1="0" ind2="7"><subfield code="a">Akcie</subfield><subfield code="2">fsv</subfield></datafield><datafield tag="650" ind1="0" ind2="7"><subfield code="a">Analýzy empirické</subfield><subfield code="2">fsv</subfield></datafield><datafield tag="650" ind1="0" ind2="7"><subfield code="a">Česká republika</subfield><subfield code="2">fsv</subfield></datafield><datafield tag="650" ind1="0" ind2="7"><subfield code="a">Práce diplomové</subfield><subfield code="2">fsv</subfield></datafield><datafield tag="650" ind1="0" ind2="7"><subfield code="a">Trh kapitálový</subfield><subfield code="2">fsv</subfield></datafield><datafield tag="650" ind1="0" ind2="7"><subfield code="a">Trh světový</subfield><subfield code="2">fsv</subfield></datafield><datafield tag="655" ind1=" " ind2="4"><subfield code="a">diplomové práce</subfield></datafield><datafield tag="700" ind1="1" ind2=" "><subfield code="a">Mejstřík, Michal,</subfield><subfield code="d">1952-</subfield><subfield code="7">jo20010092728</subfield><subfield code="4">oth</subfield></datafield><datafield tag="710" ind1="2" ind2=" "><subfield code="a">Univerzita Karlova.</subfield><subfield code="b">Institut ekonomických studií</subfield><subfield code="7">xx0005480</subfield><subfield code="4">dgg</subfield></datafield><datafield tag="980" ind1=" " ind2=" "><subfield code="a">application.pdf</subfield></datafield><datafield tag="981" ind1=" " ind2=" "><subfield code="a">dp</subfield></datafield><datafield tag="910" ind1=" " ind2=" "><subfield code="a">ABD103</subfield></datafield><controlfield tag="998">000316710</controlfield><datafield tag="SID" ind1=" " ind2=" "><subfield code="a">Z39</subfield><subfield code="b">CKS01</subfield></datafield></record>]]></value></md><md shared="false"><mid>2082235</mid><description xsi:nil="true" xmlns:xsi="http://www.w3.org/2001/XMLSchema-instance"/><name>technical</name><type>text_md</type><value><![CDATA[<?xml version="1.0" encoding="UTF-8"?>
<textmd:textMD xmlns:textmd="http://www.loc.gov/METS/" xmlns:jhove="http://hul.harvard.edu/ois/xml/ns/jhove" xmlns:xsi="http://www.w3.org/2001/XMLSchema-instance" xmlns="http://www.loc.gov/METS/" xsi:schemaLocation="http://www.loc.gov/METS http://dlib.nyu.edu/METS/textmd.xsd">
<textmd:encoding QUALITY="1">
<textmd:encoding_software/>
<textmd:encoding_platform linebreak=""/>
<textmd:encoding_software/>
<textmd:encoding_agent role=""/>
</textmd:encoding>
<textmd:character_info>
<textmd:charset/>
<textmd:byte_order/>
<textmd:character_size encoding=""/>
<textmd:linebreak/>
</textmd:character_info>
<textmd:language/>
<textmd:alt_language authority=""/>
<textmd:font_script/>
<textmd:markup_basis version=""/>
<textmd:markup_language version=""/>
<textmd:processingNote/>
<textmd:printRequirements/>
<textmd:textNote/>
<textmd:viewingRequirements/>
<textmd:file>
<textmd:fileSize>674893</textmd:fileSize>
<textmd:checksum>
<textmd:checksumMethod>CRC32</textmd:checksumMethod>
<textmd:checksumValue>82493f7e</textmd:checksumValue>
</textmd:checksum>
<textmd:checksum>
<textmd:checksumMethod>MD5</textmd:checksumMethod>
<textmd:checksumValue>6325684c1b94dcfdbf9a34a24e94c434</textmd:checksumValue>
</textmd:checksum>
<textmd:checksum>
<textmd:checksumMethod>SHA-1</textmd:checksumMethod>
<textmd:checksumValue>9ff576512c17bc207145f3d3681258c1dcd47299</textmd:checksumValue>
</textmd:checksum>
<textmd:mimeType>application/pdf</textmd:mimeType>
<textmd:extension/>
</textmd:file>
</textmd:textMD>
]]></value></md><md shared="false"><mid>253417</mid><description xsi:nil="true" xmlns:xsi="http://www.w3.org/2001/XMLSchema-instance"/><name>preservation</name><type>preservation_md</type><value><![CDATA[<object xmlns="http://www.loc.gov/standards/premis">
  <objectIdentifier>
    <objectIdentifierType>handle</objectIdentifierType>
    <objectIdentifierValue>123.45/5064</objectIdentifierValue>
  </objectIdentifier>
</object>]]></value></md></mds><relations><relation><type>manifestation</type><pid>42823</pid></relation><relation><type>manifestation</type><pid>42824</pid></relation></relations><stream_ref><file_name>42822_Vajsejtl_DP_2004_IES.pdf</file_name><file_extension>pdf</file_extension><mime_type>application/pdf</mime_type><directory_path>/exlibris/dtl/j3_1/digitool/home/system/bin/../../profile/storage/2008/10/13/file_2/42822</directory_path><file_id xsi:nil="true" xmlns:xsi="http://www.w3.org/2001/XMLSchema-instance"/><storage_id>1000</storage_id><external_type>-1</external_type><file_size_bytes>674893</file_size_bytes></stream_ref></xb:digital_entity></xb:digital_entity_call>